<?xml version="1.0" encoding="UTF-8"?><record xmlns="http://www.loc.gov/MARC21/slim" xmlns:cinclude="http://apache.org/cocoon/include/1.0" xmlns:zs="http://www.loc.gov/zing/srw/">
  <leader>00311cz  a2200121n  4500</leader>
  <controlfield tag="001">n  88032471 </controlfield>
  <controlfield tag="003">DLC</controlfield>
  <controlfield tag="005">19890203143913.5</controlfield>
  <controlfield tag="008">881216n| acannaab|          |n aaa |||  </controlfield>
  <datafield tag="010" ind1=" " ind2=" ">
    <subfield code="a">n  88032471 </subfield>
  </datafield>
  <datafield tag="040" ind1=" " ind2=" ">
    <subfield code="a">DLC</subfield>
    <subfield code="c">DLC</subfield>
    <subfield code="d">DLC</subfield>
  </datafield>
  <datafield tag="100" ind1="1" ind2="0">
    <subfield code="a">Bucci, Moreno</subfield>
  </datafield>
  <datafield tag="670" ind1=" " ind2=" ">
    <subfield code="a">L'Opera di Sylvano Bussotti, c1988:</subfield>
    <subfield code="b">t.p. (Moreno Bucci)</subfield>
  </datafield>
</record>